@article{milnor_infinite_cyclic,
  author={John. W. Milnor},
  year=1967,
  title={Infinite Cyclic Coverings},
  journal={Transactions of the Americal Mathematical Society},
  number={2}
}

@book{atiyah,
  author={M. F. Atiyah and I. G. MacDonald},
  year=1969,
  title={Introduction to Commutative Algebra},
  publisher={Addison-Wesley Publishing Company},
  location={Melano Par - California, London, Don Mills - Ontario}
}

@article{alex-oryginal,
  author={James W. Alexander},
  year=1928,
  title={Topological invariants of knots and links},
  journal={Transactions of the American Mathematical Society},
  volume={30},
  pages={275-306}
}
